@PHDTHESIS{stylianopoulos2008thesis,
   author = {{Stylianopoulos}, T.},
    title = "{Multiscale mechanical modeling of soft biological tissues}",
   school = {University of Minnesota},
     year = 2008,
   adsurl = {http://adsabs.harvard.edu/abs/2008PhDT........81S},
  adsnote = {Provided by the SAO/NASA Astrophysics Data System}
}

@article{agoram2001coupled,
  title={Coupled macroscopic and microscopic scale modeling of fibrillar tissues and tissue equivalents},
  author={Agoram, Balaji and Barocas, Victor H},
  journal={Journal of biomechanical engineering},
  volume={123},
  number={4},
  pages={362--369},
  year={2001},
  publisher={American Society of Mechanical Engineers}
}

@article{stylianopoulos2007multiscale,
  title={Multiscale, structure-based modeling for the elastic mechanical behavior of arterial walls},
  author={Stylianopoulos, Triantafyllos and Barocas, Victor H},
  journal={Journal of biomechanical engineering},
  volume={129},
  number={4},
  pages={611--618},
  year={2007},
  publisher={American Society of Mechanical Engineers}
}

@article{stylianopoulos2007volume,
  title={Volume-averaging theory for the study of the mechanics of collagen networks},
  author={Stylianopoulos, Triantafyllos and Barocas, Victor H},
  journal={Computer methods in applied mechanics and engineering},
  volume={196},
  number={31},
  pages={2981--2990},
  year={2007},
  publisher={Elsevier}
}

@article{chandran2007deterministic,
  title={Deterministic material-based averaging theory model of collagen gel micromechanics},
  author={Chandran, Preethi L and Barocas, Victor H},
  journal={Journal of biomechanical engineering},
  volume={129},
  number={2},
  pages={137--147},
  year={2007},
  publisher={American Society of Mechanical Engineers}
}

@article{lake2012mechanics,
  title={Mechanics of a fiber network within a non-fibrillar matrix: model and comparison with collagen-agarose co-gels},
  author={Lake, Spencer P and Hadi, Mohammad F and Lai, Victor K and Barocas, Victor H},
  journal={Annals of biomedical engineering},
  volume={40},
  number={10},
  pages={2111--2121},
  year={2012},
  publisher={Springer}
}

@article{zhang2013cross,
  title={Cross-linked fiber network embedded in an elastic matrix},
  author={Zhang, L and Lake, SP and Barocas, VH and Shephard, MS and Picu, RC},
  journal={Soft matter},
  volume={9},
  number={28},
  pages={6398--6405},
  year={2013},
  publisher={Royal Society of Chemistry}
}

@article{zhang2013coupled,
  title={A coupled fiber-matrix model demonstrates highly inhomogeneous microstructural interactions in soft tissues under tensile load},
  author={Zhang, Lijuan and Lake, Spencer P and Lai, Victor K and Picu, Catalin R and Barocas, Victor H and Shephard, Mark S},
  journal={Journal of biomechanical engineering},
  volume={135},
  number={1},
  pages={011008},
  year={2013},
  publisher={American Society of Mechanical Engineers}
}

