@misc{TOP500,
    key = {{Top500},
    citeulike-article-id = {2324146},
    citeulike-linkout-0 = {http://www.top500.org},
    posted-at = {2008-02-02 22:14:34},
    priority = {2},
    title = {{TOP500 Supercomputer Site}},
    url = {http://www.top500.org}
}
@misc{cppstandard,
   Key = {{ISO 14882:2014}},
   publisher = {{ISO, Geneva, Switzerland}},
   title = {{Information Technology - Programming Languages - C++}},
   number = {{ISO 14882:2014}},
   year = {{2016}}
}
@article{berger1984adaptive,
  title={Adaptive mesh refinement for hyperbolic partial differential equations},
  author={Berger, Marsha J and Oliger, Joseph},
  journal={Journal of computational Physics},
  volume={53},
  number={3},
  pages={484--512},
  year={1984},
  publisher={Elsevier}
}
@article{speares19973d,
  title={A 3D unstructured mesh adaptation algorithm for time-dependent shock-dominated problems},
  author={Speares, William and Berzins, Martin},
  journal={International Journal for Numerical Methods in Fluids},
  volume={25},
  number={1},
  pages={81--104},
  year={1997},
  publisher={Chichester; New York: Wiley, c1981-}
}
@article{li20053d,
  title={3D anisotropic mesh adaptation by mesh modification},
  author={Li, Xiangrong and Shephard, Mark S and Beall, Mark W},
  journal={Computer methods in applied mechanics and engineering},
  volume={194},
  number={48},
  pages={4915--4950},
  year={2005},
  publisher={Elsevier}
}