@Article{ZoltanIsorropiaOverview2012,
   author = {E. G. Boman and U. V. Catalyurek and C. Chevalier and K. D. Devine},
   title = {The {Z}oltan and {I}sorropia Parallel Toolkits for Combinatorial Scientific Computing: Partitioning, Ordering, and Coloring},
   journal = {Scientific Programming},
   year = {2012},
   volume = {20},
   number = {2},
   pages = {129--150}
}

@Article{ZoltanOverviewArticle2002,
   author = {Karen Devine and Erik Boman and Robert Heaphy and Bruce Hendrickson and Courtenay Vaughan},
   title = {{Zoltan} Data Management Services for Parallel Dynamic Applications},
   journal = {Computing in Science and Engineering},
   year = {2002},
   volume = {4},
   number = {2},
   pages = {90--97}
}

@article{hendrickson2000dynamic,
  title={Dynamic load balancing in computational mechanics},
  author={Hendrickson, Bruce and Devine, Karen},
  journal={Computer methods in applied mechanics and engineering},
  volume={184},
  number={2},
  pages={485--500},
  year={2000},
  publisher={Elsevier}
}

@article{devine2005new,
  title={New challenges in dynamic load balancing},
  author={Devine, Karen D and Boman, Erik G and Heaphy, Robert T and Hendrickson, Bruce A and Teresco, James D and Faik, Jamal and Flaherty, Joseph E and Gervasio, Luis G},
  journal={Applied Numerical Mathematics},
  volume={52},
  number={2},
  pages={133--152},
  year={2005},
  publisher={Elsevier}
}

@article{hendrickson1995multi, 
  title={A Multi-Level Algorithm For Partitioning Graphs.}, 
  author={Hendrickson, Bruce and Leland, Robert W}, 
  journal={SC}, 
  volume={95}, 
  pages={28}, 
  year={1995}
}

@article{karypis1998fast, 
  title={A fast and high quality multilevel scheme for partitioning irregular graphs}, 
  author={Karypis, George and Kumar, Vipin}, 
  journal={SIAM Journal on scientific Computing}, 
  volume={20}, 
  number={1}, 
  pages={359--392}, 
  year={1998}, 
  publisher={SIAM} 
}

@article{schloegel1997parallel,
  title={Parallel multilevel diffusion algorithms for repartitioning of adaptive meshes},
  author={Schloegel, Kirk and Karypis, George and Kumar, Vipin},
  journal={Rapport technique, University of Minnesota, Department of Computer Science and Army HPC Center},
  year={1997},
  publisher={Citeseer}
}

@article{willebeek1993strategies,
  title={Strategies for dynamic load balancing on highly parallel computers},
  author={Willebeek-LeMair, Marc H and Reeves, Anthony P.},
  journal={IEEE Transactions on parallel and distributed systems},
  volume={4},
  number={9},
  pages={979--993},
  year={1993},
  publisher={IEEE}
}

@inproceedings{dinan2007dynamic,
  title={Dynamic load balancing of unbalanced computations using message passing},
  author={Dinan, James and Olivier, Stephen and Sabin, Gerald and Prins, Jan and Sadayappan, P and Tseng, Chau-Wen},
  booktitle={Parallel and Distributed Processing Symposium, 2007. IPDPS 2007. IEEE International},
  pages={1--8},
  year={2007},
  organization={IEEE}
}
