@article{keyes2013multiphysics, 
  title={Multiphysics simulations Challenges and opportunities}, 
  author={Keyes, David E and McInnes, Lois C and Woodward, Carol and Gropp, William and Myra, Eric and Pernice, Michael and Bell, John and Brown, Jed and Clo, Alain and Connors, Jeffrey and others}, 
  journal={International Journal of High Performance Computing Applications},
   volume={27}, 
   number={1}, 
   pages={4--83}, 
   year={2013}, 
   publisher={SAGE Publications}
}

@article{shephard2007toward,
  title={Toward a multi-model hierarchy to support multiscale simulations},
  author={Shephard, Mark S and Seol, E Seegyoung and FrantzDale, Benjamin},
  journal={Handbook of dynamic system modeling},
  volume={12},
  pages={1--18},
  year={2007},
  publisher={Citeseer}
}

@article{gravemeier2008towards,
title={Towards a taxonomy for multiscale methods in computational mechanics: building blocks of existing methods},
author={Gravemeier, Volker and Lenz, Stefan and Wall, Wolfgang A},
journal={Computational Mechanics},
volume={41},
number={2},
pages={279--291},
year={2008},
publisher={Springer}
}

@article{hoekstra2007toward,
  title={Toward a complex automata formalism for multiscale modeling},
  author={Hoekstra, Alfons G and Lorenz, Eric and Falcone, Jean-Luc and Chopard, Bastien},
  journal={International Journal for Multiscale Computational Engineering},
  volume={5},
  number={6},
  year={2007},
  publisher={Begel House Inc.}
}

@article{hoekstra2014multiscale,
  title={Multiscale modelling and simulation: a position paper},
  author={Hoekstra, Alfons and Chopard, Bastien and Coveney, Peter},
  journal={Phil. Trans. R. Soc. A},
  volume={372},
  number={2021},
  pages={20130377},
  year={2014},
  publisher={The Royal Society}
}

@article{xiao2004bridging,
  title={A bridging domain method for coupling continua with molecular dynamics},
  author={Xiao, SP and Belytschko, Ted},
  journal={Computer methods in applied mechanics and engineering},
  volume={193},
  number={17},
  pages={1645--1669},
  year={2004},
  publisher={Elsevier}
}

@article{delalondre2010collaborative,
  title={Collaborative software infrastructure for adaptive multiple model simulation},
  author={Delalondre, Fabien and Smith, Cameron and Shephard, Mark S},
  journal={Computer Methods in Applied Mechanics and Engineering},
  volume={199},
  number={21},
  pages={1352--1370},
  year={2010},
  publisher={Elsevier}
}

@ARTICLE{shenoy97,
   author = {{Shenoy}, V.~B. and {Miller}, R. and {Tadmor}, E.~B. and {Rodney}, D. and
        {Phillips}, R. and {Ortiz}, M.},
    title = "{An Adaptive Finite Element Approach to Atomic-Scale Mechanics - The Quasicontinuum Method}",
  journal = {eprint arXiv:cond-mat/9710027},
   eprint = {cond-mat/9710027},
 keywords = {Condensed Matter - Materials Science},
     year = 1997,
    month = oct,
   adsurl = {http://adsabs.harvard.edu/abs/1997cond.mat.10027S},
  adsnote = {Provided by the SAO/NASA Astrophysics Data System}
}

@article{weinan2003heterogenous,
  title={The heterognous multiscale methods},
  author={Weinan, E and Engquist, Bjorn and others},
  journal={Communications in Mathematical Sciences},
  volume={1},
  number={1},
  pages={87--132},
  year={2003},
  publisher={International Press of Boston}
}

@article{weinan2007heterogeneous,
  title={Heterogeneous multiscale methods: a review},
  author={Weinan, E and Engquist, Bjorn and Li, Xiantao and Ren, Weiqing and Vanden-Eijnden, Eric},
  journal={Commun. Comput. Phys},
  volume={2},
  number={3},
  pages={367--450},
  year={2007}
}

@book{weinan2011principles,
  title={Principles of multiscale modeling},
  author={Weinan, E},
  year={2011},
  publisher={Cambridge University Press}
}

@book{tadmor2011modeling,
  title={Modeling materials: continuum, atomistic and multiscale techniques},
  author={Tadmor, Ellad B and Miller, Ronald E},
  year={2011},
  publisher={Cambridge University Press}
}

@incollection{zeng2010concurrent,
 title={Recent Developments on Concurrent Multiscale Simulations},
 author={Zeng, Xiaowei and Li, Shaofan},
 editor={Qin, Qing-Hua and Sun, Bohua},
 booktitle={Advances in engineering mechanics},
 year={2010},
 publisher={Nova Science},
 address={New York}
}

@article{garcia2008sequential,
 author={Garcia-Cervera, Carlos J. and Ren, Weiqing and Lu, Jianfeng and E. Weinan},
 title={Sequential multiscale modeling using sparse representation},
 journal={Communications in Computational Physics},
 volume={4},
 pages={1025-1033},
 year={2008}
}

@article{wagner2003coupling,
  title={Coupling of atomistic and continuum simulations using a bridging scale decomposition},
  author={Wagner, Gregory J and Liu, Wing Kam},
  journal={Journal of Computational Physics},
  volume={190},
  number={1},
  pages={249--274},
  year={2003},
  publisher={Elsevier}
}

@book{toselli2005domain,
  title={Domain decomposition methods: algorithms and theory},
  author={Toselli, Andrea and Widlund, Olof B},
  volume={34},
  year={2005},
  publisher={Springer}
}

@article{mandel1993balancing,
  title={Balancing domain decomposition},
  author={Mandel, Jan},
  journal={Communications in numerical methods in engineering},
  volume={9},
  number={3},
  pages={233--241},
  year={1993},
  publisher={Wiley Online Library}
}

@article{farhat1991method,
  title={A method of finite element tearing and interconnecting and its parallel solution algorithm},
  author={Farhat, Charbel and Roux, Francois-Xavier},
  journal={International Journal for Numerical Methods in Engineering},
  volume={32},
  number={6},
  pages={1205--1227},
  year={1991},
  publisher={Wiley Online Library}
}

@article{estep2009error,
  title={Error estimates for multiscale operator decomposition for multiphysics models},
  author={Estep, D},
  journal={Multiscale methods: bridging the scales in science and engineering},
  year={2009},
  publisher={Oxford University Press USA}
}

@book{fish2010multiscale,
  title={Multiscale methods: bridging the scales in science and engineering},
  author={Fish, Jacob},
  year={2010},
  publisher={Oxford University Press on Demand}
}

@article{miller2002quasicontinuum,
  title={The quasicontinuum method: Overview, applications and current directions},
  author={Miller, Ronald E and Tadmor, Ellad B},
  journal={Journal of Computer-Aided Materials Design},
  volume={9},
  number={3},
  pages={203--239},
  year={2002},
  publisher={Springer}
}

@article{buehler2006concurrent,
  title={Concurrent scale coupling techniques: From nano to macro},
  author={Buehler, Markus J},
  journal={Lecture Series},
  volume={3},
  year={2006}
}

@article{xu2010concurrent,
  title={Concurrent coupling of atomistic and continuum models},
  author={Xu, Mei and Gracie, R and Belytschko, T},
  journal={Multiscale Methods: Bridging the Scales in Science and Engineering},
  pages={93--133},
  year={2010},
  publisher={Oxford University Press on Demand}
}

@article{rudd2000concurrent,
  title={Concurrent coupling of length scales in solid state systems},
  author={Rudd, Robert E and Broughton, Jeremy Q},
  journal={physica status solidi (b)},
  volume={217},
  number={1},
  pages={251--291},
  year={2000},
  publisher={Wiley Online Library}
}

@article{shephard2010component,
  title={Component software for multiscale simulation},
  author={Shephard, MS and Nuggehally, MA and FranzDale, B and Picu, CR and Fish, J and Klaas, O and Beall, MW},
  journal={Bridging the Scales in Science and Engineering},
  pages={393--421},
  year={2010}
}

@article{borgdorff2013foundations,
title={Foundations of distributed multiscale computing: Formalization, specification, and analysis},
author={Borgdorff, Joris and Falcone, Jean-Luc and Lorenz, Eric and Bona-Casas, Carles and Chopard, Bastien and Hoekstra, Alfons G},
journal={Journal of Parallel and Distributed Computing},
volume={73},
number={4},
pages={465--483},
year={2013},
publisher={Elsevier}
}