@article{frantzdale2010software,
  title={Software components for parallel multiscale simulation: an example with LAMMPS},
  author={FrantzDale, Benjamin and Plimpton, Steven J and Shephard, Mark S},
  journal={Engineering with Computers},
  volume={26},
  number={2},
  pages={205--211},
  year={2010},
  publisher={Springer}
}

@article{belgacem2017muscle,
  title={MUSCLE-HPC: A new high performance API to couple multiscale parallel applications},
  author={Belgacem, Mohamed Ben and Chopard, Bastien},
  journal={Future Generation Computer Systems},
  volume={67},
  pages={72--82},
  year={2017},
  publisher={Elsevier}
}

@article{borgdorff2014distributed,
  title={Distributed multiscale computing with MUSCLE 2, the Multiscale Coupling Library and Environment},
  author={Borgdorff, Joris and Mamonski, Mariusz and Bosak, Bartosz and Kurowski, Krzysztof and Belgacem, M Ben and Chopard, Bastien and Groen, Derek and Coveney, Peter V and Hoekstra, Alfons G},
  journal={Journal of Computational Science},
  volume={5},
  number={5},
  pages={719--731},
  year={2014},
  publisher={Elsevier}
}

@article{mohr2013nasa,
  title={The NASA-Goddard multi-scale modeling framework--land information system: global land/atmosphere interaction with resolved convection},
  author={Mohr, Karen I and Tao, Wei-Kuo and Chern, Jiun-Dar and Kumar, Sujay V and Peters-Lidard, Christa D},
  journal={Environmental modelling \& software},
  volume={39},
  pages={103--115},
  year={2013},
  publisher={Elsevier}
}

@incollection{parker2002component,
  title={A component-based architecture for parallel multi-physics PDE simulation},
  author={Parker, Steven G},
  booktitle={Computational Science, ICCS 2002},
  pages={719--734},
  year={2002},
  publisher={Springer}
}

@article{parker2006component,
  title={A component-based parallel infrastructure for the simulation of fluid--structure interaction},
  author={Parker, Steven G and Guilkey, James and Harman, Todd},
  journal={Engineering with Computers},
  volume={22},
  number={3-4},
  pages={277--292},
  year={2006},
  publisher={Springer}
}

@incollection{davison2000uintah,
  title={Uintah: A massively parallel problem solving environment},
  author={Davison de St Germain, J and McCorquodale, John and Parker, Steven G and Johnson, Christopher R},
  booktitle={High-Performance Distributed Computing, 2000. Proceedings. The Ninth International Symposium on},
  pages={33--41},
  year={2000},
  organization={IEEE}
}

@article{berzins2015extending,
  title={Extending the uintah framework through the petascale modeling of detonation in arrays of high explosive devices},
  author={Berzins, Martin and Beckvermit, Jacqueline and Harman, Todd and Bezdjian, Andrew and HUMPHREY, ALAN and MENG, QINGYU and SCHMIDT, JOHN and WIGHT, CHARLES},
  journal={Submitted to SIAM Journal on Scientific Computing},
  year={2015},
  publisher={Citeseer}
}

@techreport{meng2010dynamic,
  title={Dynamic task scheduling for scalable parallel AMR in the Uintah framework},
  author={Meng, Qingyu and Luitjens, Justin and Berzins, Martin},
  year={2010},
  institution={Citeseer}
}

@incollection{berzins2010uintah,
  title={Uintah: a scalable framework for hazard analysis},
  author={Berzins, Martin and Luitjens, Justin and Meng, Qingyu and Harman, Todd and Wight, Charles A and Peterson, Joseph R},
  booktitle={Proceedings of the 2010 TeraGrid Conference},
  pages={3},
  year={2010},
  organization={ACM}
}


@article{borgdorff2013multiscale,
  title={Multiscale computing with the multiscale modeling library and runtime environment},
  author={Borgdorff, Joris and Mamonski, Mariusz and Bosak, Bartosz and Groen, Derek and Belgacem, Mohamed Ben and Kurowski, Krzysztof and Hoekstra, Alfons G},
  journal={Procedia Computer Science},
  volume={18},
  pages={1097--1105},
  year={2013},
  publisher={Elsevier}
}

@incollection{chopard2011framework,
  title={A framework for multiscale and multiscience modeling and numerical simulations},
  author={Chopard, Bastien and Falcone, Jean-Luc and Hoekstra, Alfons G and Borgdorff, Joris},
  booktitle={Unconventional Computation},
  pages={2--8},
  year={2011},
  publisher={Springer}
}

@article{belgacem2017future,
title = "MUSCLE-HPC: A new high performance API to couple multiscale parallel applications",
journal = "Future Generation Computer Systems",
volume = "67",
number = "Supplement C",
pages = "72 - 82",
year = "2017",
issn = "0167-739X",
doi = "https://doi.org/10.1016/j.future.2016.08.009",
url = "http://www.sciencedirect.com/science/article/pii/S0167739X1630259X",
author = "Mohamed Ben Belgacem and Bastien Chopard",
keywords = "Distributed computation, HPC infrastructure, Multiscale coupling"
}

@article{ingram2004classification,
  title={Classification and analysis of integrating frameworks in multiscale modelling},
  author={Ingram, GD and Cameron, IT and Hangos, KM},
  journal={Chemical engineering science},
  volume={59},
  number={11},
  pages={2171--2187},
  year={2004},
  publisher={Elsevier}
}

