@article{basili2008understanding,
  title={Understanding the high-performance-computing community: A software engineer's perspective},
  author={Basili, Victor R and Carver, Jeffrey C and Cruzes, Daniela and Hochstein, Lorin M and Hollingsworth, Jeffrey K and Shull, Forrest and Zelkowitz, Marvin V},
  journal={IEEE software},
  volume={25},
  number={4},
  pages={29},
  year={2008},
  publisher={IEEE Computer Society}
}

@article{valiant1990bridging,
  title={A bridging model for parallel computation},
  author={Valiant, Leslie G},
  journal={Communications of the ACM},
  volume={33},
  number={8},
  pages={103--111},
  year={1990},
  publisher={ACM}
}

@inproceedings{armstrong1999toward,
  title={Toward a common component architecture for high-performance scientific computing},
  author={Armstrong, Rob and Gannon, Dennis and Geist, Al and Keahey, Katarzyna and Kohn, Scott and McInnes, Lois and Parker, Steve and Smolinski, Brent},
  booktitle={High Performance Distributed Computing, 1999. Proceedings. The Eighth International Symposium on},
  pages={115--124},
  year={1999},
  organization={IEEE}
}

@article{gerbessiotis1994direct,
  title={Direct bulk-synchronous parallel algorithms},
  author={Gerbessiotis, Alexandros V and Valiant, Leslie G},
  journal={Journal of parallel and distributed computing},
  volume={22},
  number={2},
  pages={251--267},
  year={1994},
  publisher={Elsevier}
}


@inproceedings{wozniak2013dataflow,
  title={Dataflow coordination of data-parallel tasks via MPI 3.0},
  author={Wozniak, Justin M and Peterka, Tom and Armstrong, Timothy G and Dinan, James and Lusk, Ewing and Wilde, Michael and Foster, Ian},
  booktitle={Proceedings of the 20th European MPI Users' Group Meeting},
  pages={1--6},
  year={2013},
  organization={ACM}
}