@ARTICLE{shenoy97,
   author = {{Shenoy}, V.~B. and {Miller}, R. and {Tadmor}, E.~B. and {Rodney}, D. and 
	{Phillips}, R. and {Ortiz}, M.},
    title = "{An Adaptive Finite Element Approach to Atomic-Scale Mechanics - The Quasicontinuum Method}",
  journal = {eprint arXiv:cond-mat/9710027},
   eprint = {cond-mat/9710027},
 keywords = {Condensed Matter - Materials Science},
     year = 1997,
    month = oct,
   adsurl = {http://adsabs.harvard.edu/abs/1997cond.mat.10027S},
  adsnote = {Provided by the SAO/NASA Astrophysics Data System}
}

@article{Devine05,
title = "New challenges in dynamic load balancing",
journal = "Applied Numerical Mathematics ",
volume = "52",
number = "23",
pages = "133 - 152",
year = "2005",
note = "\{ADAPT\} '03: Conference on Adaptive Methods for Partial Differential Equations and Large-Scale Computation ",
issn = "0168-9274",
doi = "http://dx.doi.org/10.1016/j.apnum.2004.08.028",
url = "http://www.sciencedirect.com/science/article/pii/S0168927404001631",
author = "Karen D. Devine and Erik G. Boman and Robert T. Heaphy and Bruce A. Hendrickson and James D. Teresco and Jamal Faik and Joseph E. Flaherty and Luis G. Gervasio"
}

@Article{ZoltanIsorropiaOverview2012,
   author = {E. G. Boman and U. V. Catalyurek and C. Chevalier and K. D. Devine}, 
   title = {The {Z}oltan and {I}sorropia Parallel Toolkits for Combinatorial Scientific Computing: Partitioning, Ordering, and Coloring}, 
   journal = {Scientific Programming}, 
   year = {2012}, 
   volume = {20}, 
   number = {2}, 
   pages = {129--150} 
}

@Article{ZoltanOverviewArticle2002,
   author = {Karen Devine and Erik Boman and Robert Heaphy and Bruce Hendrickson and Courtenay Vaughan}, 
   title = {{Zoltan} Data Management Services for Parallel Dynamic Applications}, 
   journal = {Computing in Science and Engineering}, 
   year = {2002}, 
   volume = {4}, 
   number = {2}, 
   pages = {90--97} 
}

@article{weinan2003heterogenous,
  title={The heterognous multiscale methods},
  author={Weinan, E and Engquist, Bjorn and others},
  journal={Communications in Mathematical Sciences},
  volume={1},
  number={1},
  pages={87--132},
  year={2003},
  publisher={International Press of Boston}
}

@PHDTHESIS{stylianopoulos2008thesis,
   author = {{Stylianopoulos}, T.},
    title = "{Multiscale mechanical modeling of soft biological tissues}",
   school = {University of Minnesota},
     year = 2008,
    month = October,
   adsurl = {http://adsabs.harvard.edu/abs/2008PhDT........81S},
  adsnote = {Provided by the SAO/NASA Astrophysics Data System}
}

@article{agoram2001coupled,
  title={Coupled macroscopic and microscopic scale modeling of fibrillar tissues and tissue equivalents},
  author={Agoram, Balaji and Barocas, Victor H},
  journal={Journal of biomechanical engineering},
  volume={123},
  number={4},
  pages={362--369},
  year={2001},
  publisher={American Society of Mechanical Engineers}
}

@article{stylianopoulos2007multiscale,
  title={Multiscale, structure-based modeling for the elastic mechanical behavior of arterial walls},
  author={Stylianopoulos, Triantafyllos and Barocas, Victor H},
  journal={Journal of biomechanical engineering},
  volume={129},
  number={4},
  pages={611--618},
  year={2007},
  publisher={American Society of Mechanical Engineers}
}

@article{stylianopoulos2007volume,
  title={Volume-averaging theory for the study of the mechanics of collagen networks},
  author={Stylianopoulos, Triantafyllos and Barocas, Victor H},
  journal={Computer methods in applied mechanics and engineering},
  volume={196},
  number={31},
  pages={2981--2990},
  year={2007},
  publisher={Elsevier}
}

@article{chandran2007deterministic,
  title={Deterministic material-based averaging theory model of collagen gel micromechanics},
  author={Chandran, Preethi L and Barocas, Victor H},
  journal={Journal of biomechanical engineering},
  volume={129},
  number={2},
  pages={137--147},
  year={2007},
  publisher={American Society of Mechanical Engineers}
}

@article{lake2012mechanics,
  title={Mechanics of a fiber network within a non-fibrillar matrix: model and comparison with collagen-agarose co-gels},
  author={Lake, Spencer P and Hadi, Mohammad F and Lai, Victor K and Barocas, Victor H},
  journal={Annals of biomedical engineering},
  volume={40},
  number={10},
  pages={2111--2121},
  year={2012},
  publisher={Springer}
}

@article{zhang2013cross,
  title={Cross-linked fiber network embedded in an elastic matrix},
  author={Zhang, L and Lake, SP and Barocas, VH and Shephard, MS and Picu, RC},
  journal={Soft matter},
  volume={9},
  number={28},
  pages={6398--6405},
  year={2013},
  publisher={Royal Society of Chemistry}
}

@article{zhang2013coupled,
  title={A coupled fiber-matrix model demonstrates highly inhomogeneous microstructural interactions in soft tissues under tensile load},
  author={Zhang, Lijuan and Lake, Spencer P and Lai, Victor K and Picu, Catalin R and Barocas, Victor H and Shephard, Mark S},
  journal={Journal of biomechanical engineering},
  volume={135},
  number={1},
  pages={011008},
  year={2013},
  publisher={American Society of Mechanical Engineers}
}

@incollection{zeng2010concurrent,
 title={Recent Developments on Concurrent Multiscale Simulations},
 author={Zeng, Xiaowei and Li, Shaofan},
 editor={Qin, Qing-Hua and Sun, Bohua},
 booktitle={Advances in engineering mechanics},
 year={2010},
 publisher={Nova Science},
 address={New York}
}

@article{garcia2008sequential,
 author={Garcia-Cervera, Carlos J. and Ren, Weiqing and Lu, Jianfeng and E. Weinan},
 title={Sequential multiscale modeling using sparse representation},
 journal={Communications in Computational Physics},
 volume={4},
 pages={1025-1033},
 year={2008}
}

@article{valiant1990bridging,
  title={A bridging model for parallel computation},
  author={Valiant, Leslie G},
  journal={Communications of the ACM},
  volume={33},
  number={8},
  pages={103--111},
  year={1990},
  publisher={ACM}
}

@article{gerbessiotis1994direct,
  title={Direct bulk-synchronous parallel algorithms},
  author={Gerbessiotis, Alexandros V and Valiant, Leslie G},
  journal={Journal of parallel and distributed computing},
  volume={22},
  number={2},
  pages={251--267},
  year={1994},
  publisher={Elsevier}
}

@article{parker2006component,
  title={A component-based parallel infrastructure for the simulation of fluid--structure interaction},
  author={Parker, Steven G and Guilkey, James and Harman, Todd},
  journal={Engineering with Computers},
  volume={22},
  number={3-4},
  pages={277--292},
  year={2006},
  publisher={Springer}
}

@inproceedings{berzins2010uintah,
  title={Uintah: a scalable framework for hazard analysis},
  author={Berzins, Martin and Luitjens, Justin and Meng, Qingyu and Harman, Todd and Wight, Charles A and Peterson, Joseph R},
  booktitle={Proceedings of the 2010 TeraGrid Conference},
  pages={3},
  year={2010},
  organization={ACM}
}

@Misc{petsc-web-page,
author = {Satish Balay and Shrirang Abhyankar and Mark~F. Adams and Jed Brown and Peter Brune
		  and Kris Buschelman and Lisandro Dalcin and Victor Eijkhout and William~D. Gropp
		  and Dinesh Kaushik and Matthew~G. Knepley
		  and Lois Curfman McInnes and Karl Rupp and Barry~F. Smith
		  and Stefano Zampini and Hong Zhang},
title =  {{PETS}c {W}eb page},
url =    {http://www.mcs.anl.gov/petsc},
howpublished = {\url{http://www.mcs.anl.gov/petsc}},
year = {2015}
}

@TechReport{petsc-user-ref,
author = {Satish Balay and Shrirang Abhyankar and Mark~F. Adams and Jed Brown and Peter Brune
		  and Kris Buschelman and Lisandro Dalcin and Victor Eijkhout and William~D. Gropp
		  and Dinesh Kaushik and Matthew~G. Knepley
		  and Lois Curfman McInnes and Karl Rupp and Barry~F. Smith
		  and Stefano Zampini and Hong Zhang},
title  = {{PETS}c Users Manual},
institution = {Argonne National Laboratory},
year   = 2015,
number = {ANL-95/11 - Revision 3.6},
url    = {http://www.mcs.anl.gov/petsc}
}

@InProceedings{petsc-efficient,
Author = "Satish Balay and William D. Gropp and Lois Curfman McInnes and Barry F.  Smith",
Title = "Efficient Management of Parallelism in Object Oriented Numerical Software Libraries",
Booktitle = "Modern Software Tools in Scientific Computing",
Editor = "E. Arge and A. M. Bruaset and H. P. Langtangen",
Pages = "163--202",
Publisher = "Birkh{\"{a}}user Press",
Year = "1997"
}
