@article{Devine05,
title = "New challenges in dynamic load balancing",
journal = "Applied Numerical Mathematics ",
volume = "52",
number = "23",
pages = "133 - 152",
year = "2005",
note = "\{ADAPT\} '03: Conference on Adaptive Methods for Partial Differential Equations and Large-Scale Computation ",
issn = "0168-9274",
doi = "http://dx.doi.org/10.1016/j.apnum.2004.08.028",
url = "http://www.sciencedirect.com/science/article/pii/S0168927404001631",
author = "Karen D. Devine and Erik G. Boman and Robert T. Heaphy and Bruce A. Hendrickson and James D. Teresco and Jamal Faik and Joseph E. Flaherty and Luis G. Gervasio"
}

@Article{ZoltanIsorropiaOverview2012,
   author = {E. G. Boman and U. V. Catalyurek and C. Chevalier and K. D. Devine},
   title = {The {Z}oltan and {I}sorropia Parallel Toolkits for Combinatorial Scientific Computing: Partitioning, Ordering, and Coloring},
   journal = {Scientific Programming},
   year = {2012},
   volume = {20},
   number = {2},
   pages = {129--150}
}

@Article{ZoltanOverviewArticle2002,
   author = {Karen Devine and Erik Boman and Robert Heaphy and Bruce Hendrickson and Courtenay Vaughan},
   title = {{Zoltan} Data Management Services for Parallel Dynamic Applications},
   journal = {Computing in Science and Engineering},
   year = {2002},
   volume = {4},
   number = {2},
   pages = {90--97}
}

