@ARTICLE{shenoy97,
   author = {{Shenoy}, V.~B. and {Miller}, R. and {Tadmor}, E.~B. and {Rodney}, D. and
        {Phillips}, R. and {Ortiz}, M.},
    title = "{An Adaptive Finite Element Approach to Atomic-Scale Mechanics - The Quasicontinuum Method}",
  journal = {eprint arXiv:cond-mat/9710027},
   eprint = {cond-mat/9710027},
 keywords = {Condensed Matter - Materials Science},
     year = 1997,
    month = oct,
   adsurl = {http://adsabs.harvard.edu/abs/1997cond.mat.10027S},
  adsnote = {Provided by the SAO/NASA Astrophysics Data System}
}

@article{weinan2003heterogenous,
  title={The heterognous multiscale methods},
  author={Weinan, E and Engquist, Bjorn and others},
  journal={Communications in Mathematical Sciences},
  volume={1},
  number={1},
  pages={87--132},
  year={2003},
  publisher={International Press of Boston}
}

@book{weinan2011principles,
  title={Principles of multiscale modeling},
  author={Weinan, E},
  year={2011},
  publisher={Cambridge University Press}
}

@incollection{zeng2010concurrent,
 title={Recent Developments on Concurrent Multiscale Simulations},
 author={Zeng, Xiaowei and Li, Shaofan},
 editor={Qin, Qing-Hua and Sun, Bohua},
 booktitle={Advances in engineering mechanics},
 year={2010},
 publisher={Nova Science},
 address={New York}
}

@article{garcia2008sequential,
 author={Garcia-Cervera, Carlos J. and Ren, Weiqing and Lu, Jianfeng and E. Weinan},
 title={Sequential multiscale modeling using sparse representation},
 journal={Communications in Computational Physics},
 volume={4},
 pages={1025-1033},
 year={2008}
}

@article{wagner2003coupling,
  title={Coupling of atomistic and continuum simulations using a bridging scale decomposition},
  author={Wagner, Gregory J and Liu, Wing Kam},
  journal={Journal of Computational Physics},
  volume={190},
  number={1},
  pages={249--274},
  year={2003},
  publisher={Elsevier}
}