@incollection{parker2002component,
  title={A component-based architecture for parallel multi-physics PDE simulation},
  author={Parker, Steven G},
  booktitle={Computational Science, ICCS 2002},
  pages={719--734},
  year={2002},
  publisher={Springer}
}

@article{parker2006component,
  title={A component-based parallel infrastructure for the simulation of fluid--structure interaction},
  author={Parker, Steven G and Guilkey, James and Harman, Todd},
  journal={Engineering with Computers},
  volume={22},
  number={3-4},
  pages={277--292},
  year={2006},
  publisher={Springer}
}

@incollection{davison2000uintah,
  title={Uintah: A massively parallel problem solving environment},
  author={Davison de St Germain, J and McCorquodale, John and Parker, Steven G and Johnson, Christopher R},
  booktitle={High-Performance Distributed Computing, 2000. Proceedings. The Ninth International Symposium on},
  pages={33--41},
  year={2000},
  organization={IEEE}
}

@techreport{meng2010dynamic,
  title={Dynamic task scheduling for scalable parallel AMR in the Uintah framework},
  author={Meng, Qingyu and Luitjens, Justin and Berzins, Martin},
  year={2010},
  institution={Citeseer}
}

@incollection{berzins2010uintah,
  title={Uintah: a scalable framework for hazard analysis},
  author={Berzins, Martin and Luitjens, Justin and Meng, Qingyu and Harman, Todd and Wight, Charles A and Peterson, Joseph R},
  booktitle={Proceedings of the 2010 TeraGrid Conference},
  pages={3},
  year={2010},
  organization={ACM}
}


@article{borgdorff2013multiscale,
  title={Multiscale computing with the multiscale modeling library and runtime environment},
  author={Borgdorff, Joris and Mamonski, Mariusz and Bosak, Bartosz and Groen, Derek and Belgacem, Mohamed Ben and Kurowski, Krzysztof and Hoekstra, Alfons G},
  journal={Procedia Computer Science},
  volume={18},
  pages={1097--1105},
  year={2013},
  publisher={Elsevier}
}

@incollection{chopard2011framework,
  title={A framework for multiscale and multiscience modeling and numerical simulations},
  author={Chopard, Bastien and Falcone, Jean-Luc and Hoekstra, Alfons G and Borgdorff, Joris},
  booktitle={Unconventional Computation},
  pages={2--8},
  year={2011},
  publisher={Springer}
}

