@Misc{petsc-web-page,
author = {Satish Balay and Shrirang Abhyankar and Mark~F. Adams and Jed Brown and Peter Brune
                  and Kris Buschelman and Lisandro Dalcin and Victor Eijkhout and William~D. Gropp
                  and Dinesh Kaushik and Matthew~G. Knepley
                  and Lois Curfman McInnes and Karl Rupp and Barry~F. Smith
                  and Stefano Zampini and Hong Zhang},
title =  {{PETS}c {W}eb page},
url =    {http://www.mcs.anl.gov/petsc},
year = {2015}
}

@TechReport{petsc-user-ref,
author = {Satish Balay and Shrirang Abhyankar and Mark~F. Adams and Jed Brown and Peter Brune
                  and Kris Buschelman and Lisandro Dalcin and Victor Eijkhout and William~D. Gropp
                  and Dinesh Kaushik and Matthew~G. Knepley
                  and Lois Curfman McInnes and Karl Rupp and Barry~F. Smith
                  and Stefano Zampini and Hong Zhang},
title  = {{PETS}c Users Manual},
institution = {Argonne National Laboratory},
year   = 2015,
number = {ANL-95/11 - Revision 3.6},
url    = {http://www.mcs.anl.gov/petsc}
}

@InProceedings{petsc-efficient,
Author = "Satish Balay and William D. Gropp and Lois Curfman McInnes and Barry F.  Smith",
Title = "Efficient Management of Parallelism in Object Oriented Numerical Software Libraries",
Booktitle = "Modern Software Tools in Scientific Computing",
Editor = "E. Arge and A. M. Bruaset and H. P. Langtangen",
Pages = "163--202",
Publisher = "Birkh{\"{a}}user Press",
Year = "1997"
}

@article{li05superlu,
    AUTHOR = {Xiaoye S. Li},
    TITLE = {An Overview of {SuperLU}: Algorithms, Implementation,
             and User Interface},
    journal = toms,
    volume = {31},
    number = {3},
    month = {September},
    year = {2005},
    pages = {302-325},
}

@article{lishao10superluilu,
     AUTHOR = {Xiaoye S. Li and Meiyue Shao},
     TITLE = {A Supernodal approach to imcomplete {LU} factorization
              with partial pivoting},
     JOURNAL = "ACM Trans.\ Mathematical Software",
     YEAR = 2010,
     VOLUME = {37},
     NUMBER = {4},
}

@article{lidemmel03superludist,
     author = {Xiaoye S. Li and James W. Demmel},
     title = {{SuperLU\_DIST}: A Scalable Distributed-Memory Sparse Direct
              Solver for Unsymmetric Linear Systems},
     journal = {ACM Trans. Mathematical Software},
     month = {June},
     volume = {29},
     number = {2},
     pages = {110-140},
     year = 2003
}

