@Article{ZoltanIsorropiaOverview2012,
   author = {E. G. Boman and U. V. Catalyurek and C. Chevalier and K. D. Devine}, 
   title = {The {Z}oltan and {I}sorropia Parallel Toolkits for Combinatorial Scientific Computing: Partitioning, Ordering, and Coloring}, 
   journal = {Scientific Programming}, 
   year = {2012}, 
   volume = {20}, 
   number = {2}, 
   pages = {129--150} 
}

@Article{ZoltanOverviewArticle2002,
   author = {Karen Devine and Erik Boman and Robert Heaphy and Bruce Hendrickson and Courtenay Vaughan}, 
   title = {{Zoltan} Data Management Services for Parallel Dynamic Applications}, 
   journal = {Computing in Science and Engineering}, 
   year = {2002}, 
   volume = {4}, 
   number = {2}, 
   pages = {90--97} 
}

@article{weinan2003heterogenous,
  title={The heterognous multiscale methods},
  author={Weinan, E and Engquist, Bjorn and others},
  journal={Communications in Mathematical Sciences},
  volume={1},
  number={1},
  pages={87--132},
  year={2003},
  publisher={International Press of Boston}
}

@article{garcia2008sequential,
 author={Garcia-Cervera, Carlos J. and Ren, Weiqing and Lu, Jianfeng and E. Weinan},
 title={Sequential multiscale modeling using sparse representation},
 journal={Communications in Computational Physics},
 volume={4},
 pages={1025-1033},
 year={2008}
}

@inproceedings{broquedis2010hwloc,
  title={hwloc: A generic framework for managing hardware affinities in HPC applications},
  author={Broquedis, Fran{\c{c}}ois and Clet-Ortega, J{\'e}r{\^o}me and Moreaud, St{\'e}phanie and Furmento, Nathalie and Goglin, Brice and Mercier, Guillaume and Thibault, Samuel and Namyst, Raymond},
  booktitle={Parallel, Distributed and Network-Based Processing (PDP), 2010 18th Euromicro International Conference on},
  pages={180--186},
  year={2010},
  organization={IEEE}
}

@inproceedings{cui2010scalable,
  title={Scalable earthquake simulation on petascale supercomputers},
  author={Cui, Yifeng and Olsen, Kim B and Jordan, Thomas H and Lee, Kwangyoon and Zhou, Jun and Small, Patrick and Roten, Daniel and Ely, Geoffrey and Panda, Dhabaleswar K and Chourasia, Amit and others},
  booktitle={Proceedings of the 2010 ACM/IEEE International Conference for High Performance Computing, Networking, Storage and Analysis},
  pages={1--20},
  year={2010},
  organization={IEEE Computer Society}
}

@article{amarasinghe2009exascale,
  title={Exascale software study: Software challenges in extreme scale systems},
  author={Amarasinghe, Saman and Campbell, Dan and Carlson, William and Chien, Andrew and Dally, William and Elnohazy, Elmootazbellah and Hall, Mary and Harrison, Robert and Harrod, William and Hill, Kerry and others},
  journal={DARPA IPTO, Air Force Research Labs, Tech. Rep},
  year={2009}
}

@article{weinan2007heterogeneous,
  title={Heterogeneous multiscale methods: a review},
  author={Weinan, E and Engquist, Bjorn and Li, Xiantao and Ren, Weiqing and Vanden-Eijnden, Eric},
  journal={Commun. Comput. Phys},
  volume={2},
  number={3},
  pages={367--450},
  year={2007}
}

@article{berzins2012status,
  title={Status of release of the Uintah computational framework},
  author={Berzins, Martin},
  journal={Scientific Computing and Imaging Institute, Tech. Rep. UUSCI-2012-001},
  year={2012}
}

